<collection xmlns='http://www.loc.gov/MARC21/slim' xmlns:xsi='http://www.w3.org/2001/XMLSchema-instance' xsi:schemaLocation='http://www.loc.gov/standards/marcxml/schema/MARC21slim.xsd'>
  <record xmlns="http://www.loc.gov/MARC21/slim">
    <leader>00000ntm a2200000Ia 4500</leader>
    <controlfield tag="001">on1114307022</controlfield>
    <controlfield tag="008">190828s1852    sy            000 0 ara d</controlfield>
    <datafield tag="040" ind1=" " ind2=" ">
      <subfield code="a">HVC</subfield>
      <subfield code="b">eng</subfield>
      <subfield code="e">amremm</subfield>
      <subfield code="c">HVC</subfield>
    </datafield>
    <datafield tag="035" ind1=" " ind2=" ">
      <subfield code="a">(PHC)9910189395838049</subfield>
    </datafield>
    <datafield tag="099" ind1=" " ind2=" ">
      <subfield code="a">Rendel Harris 73</subfield>
    </datafield>
    <datafield tag="049" ind1=" " ind2=" ">
      <subfield code="a">HVCC</subfield>
    </datafield>
    <datafield tag="100" ind1="1" ind2=" ">
      <subfield code="6">880-01</subfield>
      <subfield code="a">Shaʻrānī, ʻAbd al-Wahhāb ibn Aḥmad,</subfield>
      <subfield code="d">approximately 1493-1565 or 1566.</subfield>
    </datafield>
    <datafield tag="240" ind1="1" ind2="0">
      <subfield code="6">880-02</subfield>
      <subfield code="a">Lawāqiḥ al-anwār al-qudsīyah fī bayān al-ʻuhūd al-Muḥammadīyah</subfield>
    </datafield>
    <datafield tag="245" ind1="1" ind2="3">
      <subfield code="6">880-03</subfield>
      <subfield code="a">Al-juzʼ al-awwal min kitāb Mashāriq al-anwār al-Qudsīyah fī bayān al-ʻuhūd al-Muḥammadīyah al-shahīr bi-al-ʻUhūd al-kubrá.</subfield>
    </datafield>
    <datafield tag="246" ind1="3" ind2="0">
      <subfield code="6">880-04</subfield>
      <subfield code="a">Mashāriq al-anwār al-Qudsīyah fī bayān al-ʻuhūd al-muḥammadīyah</subfield>
    </datafield>
    <datafield tag="246" ind1="3" ind2="0">
      <subfield code="6">880-05</subfield>
      <subfield code="a">ʻUhūd al-kubrá</subfield>
    </datafield>
    <datafield tag="246" ind1="3" ind2="0">
      <subfield code="6">880-06</subfield>
      <subfield code="a">ʻUhūd al-Muḥammadīyah</subfield>
    </datafield>
    <datafield tag="260" ind1=" " ind2=" ">
      <subfield code="a">[Syria?],</subfield>
      <subfield code="c">1852.</subfield>
    </datafield>
    <datafield tag="300" ind1=" " ind2=" ">
      <subfield code="a">296, ii leaves :</subfield>
      <subfield code="b">laid paper ;</subfield>
      <subfield code="c">210 x 155 (155 x 85) mm bound to 210 x 160 mm</subfield>
    </datafield>
    <datafield tag="336" ind1=" " ind2=" ">
      <subfield code="a">text</subfield>
      <subfield code="b">txt</subfield>
      <subfield code="2">rdacontent</subfield>
    </datafield>
    <datafield tag="337" ind1=" " ind2=" ">
      <subfield code="a">unmediated</subfield>
      <subfield code="b">n</subfield>
      <subfield code="2">rdamedia</subfield>
    </datafield>
    <datafield tag="338" ind1=" " ind2=" ">
      <subfield code="a">volume</subfield>
      <subfield code="b">nc</subfield>
      <subfield code="2">rdacarrier</subfield>
    </datafield>
    <datafield tag="340" ind1=" " ind2=" ">
      <subfield code="d">manuscript</subfield>
    </datafield>
    <datafield tag="500" ind1=" " ind2=" ">
      <subfield code="a">Manuscript codex.</subfield>
    </datafield>
    <datafield tag="520" ind1=" " ind2=" ">
      <subfield code="a">The first volume of a work on Sufism and religious life; some marginal notes and suggested corrections.</subfield>
    </datafield>
    <datafield tag="500" ind1=" " ind2=" ">
      <subfield code="a">Title from title page (f. 1r).</subfield>
    </datafield>
    <datafield tag="530" ind1=" " ind2=" ">
      <subfield code="a">Also available as a digital facsimile.</subfield>
    </datafield>
    <datafield tag="546" ind1=" " ind2=" ">
      <subfield code="a">Arabic.</subfield>
    </datafield>
    <datafield tag="500" ind1=" " ind2=" ">
      <subfield code="a">Collation: Paper, 1-29¹⁰ 30⁶ (1-296) with foliation in Hindu-Arabic numerals in pencil, upper left recto; quires are also numbered with an Arabic kāf over a Hindu-Arabic numeral (1-30); catchword each verso, lower left.</subfield>
    </datafield>
    <datafield tag="500" ind1=" " ind2=" ">
      <subfield code="a">Layout: 17 long lines</subfield>
    </datafield>
    <datafield tag="500" ind1=" " ind2=" ">
      <subfield code="a">Script: Written in naskh in black ink; pointed, partially vocalized.</subfield>
    </datafield>
    <datafield tag="500" ind1=" " ind2=" ">
      <subfield code="a">Decoration: Rubrications in red.</subfield>
    </datafield>
    <datafield tag="500" ind1=" " ind2=" ">
      <subfield code="a">Binding: "Tree" marbled paper over pulpboard with flap (Type II) around loose gatherings; red leather spine and fore-edge hinge covers.</subfield>
    </datafield>
    <datafield tag="500" ind1=" " ind2=" ">
      <subfield code="a">Origin: The copy was completed at the beginning of Muḥarram 1269 (October 1852) by ʻAbd al-Fattāḥ ibn Muṣṭafá Adīb ibn Muḥammad Maḥmūd al-Lādhiqī (f. 296r)</subfield>
    </datafield>
    <datafield tag="500" ind1=" " ind2=" ">
      <subfield code="a">Watermark: Three crescent moons and the name FF. Palazzuoli.</subfield>
    </datafield>
    <datafield tag="500" ind1=" " ind2=" ">
      <subfield code="a">Note in pencil describing the manuscript along with a copy of a page from McBlain Books Catalog 92, "Scarce and Rare Books on the Middle East", dated 11/13/84, and a copy of the entry on the author from the Encyclopaedia of Islam, laid in.</subfield>
    </datafield>
    <datafield tag="561" ind1="1" ind2=" ">
      <subfield code="a">Sold by McBlain Books in 1984 (copy of catalog entry with receipt date, 12/3/84, laid in).</subfield>
    </datafield>
    <datafield tag="524" ind1=" " ind2=" ">
      <subfield code="a">Haverford College, Quaker &amp; Special Collections mss. RH 73</subfield>
    </datafield>
    <datafield tag="650" ind1=" " ind2="0">
      <subfield code="a">Sufism</subfield>
      <subfield code="v">Early works to 1800.</subfield>
    </datafield>
    <datafield tag="650" ind1=" " ind2="0">
      <subfield code="a">Islam</subfield>
      <subfield code="x">Religious life</subfield>
      <subfield code="v">Early works to 1800.</subfield>
    </datafield>
    <datafield tag="655" ind1=" " ind2="0">
      <subfield code="a">Manuscripts, Arabic.</subfield>
    </datafield>
    <datafield tag="655" ind1=" " ind2="0">
      <subfield code="a">Manuscripts, 19th century.</subfield>
    </datafield>
    <datafield tag="655" ind1=" " ind2="7">
      <subfield code="a">Codices (bound manuscripts)</subfield>
      <subfield code="2">aat</subfield>
    </datafield>
    <datafield tag="655" ind1=" " ind2="7">
      <subfield code="a">Manuscripts (documents)</subfield>
      <subfield code="2">aat</subfield>
    </datafield>
    <datafield tag="655" ind1=" " ind2="7">
      <subfield code="a">Islamic bindings (Binding)</subfield>
      <subfield code="2">rbbin</subfield>
    </datafield>
    <datafield tag="655" ind1=" " ind2="7">
      <subfield code="a">Envelope flaps (features)</subfield>
      <subfield code="2">lobt</subfield>
    </datafield>
    <datafield tag="700" ind1="1" ind2=" ">
      <subfield code="6">880-07</subfield>
      <subfield code="a">Lādhiqī, ʻAbd al-Fattāḥ ibn Muṣṭafá Adīb ibn Muḥammad Maḥmūd,</subfield>
      <subfield code="d">active 1852,</subfield>
      <subfield code="e">scribe.</subfield>
    </datafield>
    <datafield tag="710" ind1="2" ind2=" ">
      <subfield code="a">McBlain Books,</subfield>
      <subfield code="e">vendor.</subfield>
    </datafield>
    <datafield tag="710" ind1="2" ind2=" ">
      <subfield code="a">J. Rendel Harris Collection (Quaker &amp; Special Collections, Haverford College).</subfield>
      <subfield code="5">PHC</subfield>
    </datafield>
    <datafield tag="856" ind1="4" ind2="1">
      <subfield code="z">Digital facsimile in OPenn</subfield>
      <subfield code="u">http://openn.library.upenn.edu/Data/0006/html/harris_073.html</subfield>
    </datafield>
    <datafield tag="852" ind1=" " ind2=" ">
      <subfield code="b">Haverford College, Quaker &amp; Special Collections, Rendel Harris</subfield>
      <subfield code="e">Haverford</subfield>
      <subfield code="u">https://www.haverford.edu/library</subfield>
    </datafield>
    <datafield tag="880" ind1="1" ind2=" ">
      <subfield code="6">100-01/(3/r</subfield>
      <subfield code="a">شعراني، عبد الوهاب بن احمد،</subfield>
      <subfield code="d">approximately 1493-1565 أو 1566.</subfield>
    </datafield>
    <datafield tag="880" ind1="1" ind2="0">
      <subfield code="6">240-02/(3/r</subfield>
      <subfield code="a">لواقح الانوار القدسية في بيان العهود المحمدية</subfield>
    </datafield>
    <datafield tag="880" ind1="1" ind2="2">
      <subfield code="6">245-03/(3/r</subfield>
      <subfield code="a">الجزء الاول من كتاب مشارق الانوار القدسية في بيان العهود المحمدية الشهير بالعهود الكبرى.</subfield>
    </datafield>
    <datafield tag="880" ind1="3" ind2="0">
      <subfield code="6">246-04/(3/r</subfield>
      <subfield code="a">مشارق الانوار القدسية في بيان العهود المحمدية</subfield>
    </datafield>
    <datafield tag="880" ind1="3" ind2="0">
      <subfield code="6">246-05/(3/r</subfield>
      <subfield code="a">عهود الكبرى</subfield>
    </datafield>
    <datafield tag="880" ind1="3" ind2="0">
      <subfield code="6">246-06/(3/r</subfield>
      <subfield code="a">عهود المحمدية</subfield>
    </datafield>
    <datafield tag="880" ind1="1" ind2=" ">
      <subfield code="6">700-07/(3/r</subfield>
      <subfield code="a">لاذقي، عبد الفتاح بن مصطفى اديب بن محمد محمود،</subfield>
      <subfield code="d">active 1852،</subfield>
      <subfield code="e">scribe.</subfield>
    </datafield>
    <datafield tag="066" ind1=" " ind2=" ">
      <subfield code="c">(3</subfield>
    </datafield>
  </record></collection>